%%
%% Arquivo de referências bibliográficas.
%%

% Source: https://nemo.inf.ufes.br/wp-content/papercite-data/pdf/souza-masterthesis07.pdf
@mastersthesis{souza:2007,
  title = {{FrameWeb: um M\'{e}todo baseado em Frameworks para o Projeto de Sistemas de Informa\c{c}\~{a}o Web}},
  author = {Souza, V\'{\i}tor E. S.},
  institution = {Universidade Federal do Esp\'{\i}rito Santo},
  url = {http://portais.ufes.br/PRPPG/ext/mono.php?progpess=2032&curso=9&prog=30001013007P0},
  year = {2007}
}

% Source: https://nemo.inf.ufes.br/wp-content/papercite-data/pdf/souza-celebratingfalbo20.pdf
@incollection{souza:2020,
  title = {{The FrameWeb Approach to Web Engineering: Past, Present and Future}},
  author = {Souza, V{\'{i}}tor E. S.},
  booktitle = {{Engineering Ontologies and Ontologies for Engineering}},
  chapter = {8},
  edition = {1},
  editor = {Almeida, Jo{\~{a}}o Paulo A. and Guizzardi, Giancarlo},
  isbn = {9781393963035},
  pages = {100--124},
  publisher = {NEMO},
  url = {http://purl.org/nemo/celebratingfalbo},
  address = {Vit{\'{o}}ria, ES, Brazil},
  year = {2020}
}

@techreport{duarte:2014,
    title = {Aplicação do Método FrameWeb no Desenvolvimento de um Sistema de Informação na Plataforma Java EE 7},
    author = {Bruno Borlini Duarte},
    note = {Vitória, ES, Brasil},
    institution = {Projeto de Graduação, Departamento de Informática, Universidade Federal do Espírito Santo},
    year = {2014}
}

@techreport{prado:2015,
    title = {Aplicação do método FrameWeb no desenvolvimento de um sistema de informação utilizando o framework VRaptor 4},
    author = {Prado, R. C. do},
    note = {Vitória, ES, Brasil},
    institution = {Projeto de Graduação, Departamento de Informática, Universidade Federal do Espírito Santo},
    year = {2015}
}

@techreport{gomes:2022,
    title = {Aplicação do método FrameWeb no desenvolvimento do sistema SCAP utilizando o framework Angular},
    author = {Danilo Felicio Gomes},
    note = {Vitória, ES, Brasil},
    institution = {Projeto de Graduação, Departamento de Informática, Universidade Federal do Espírito Santo},
    year = {2022}
}

@book{sommerville:2011,
  author         = {Sommerville, Ian},
  publisher      = {Pearson Education do Brasil},
  edition        = {9},
  title          = {Engenharia de Software},
  year           = {2011},
  isbn           = {9788579361081},
}


@book{pressman:2011,
 title = {{Engenharia de Software - Uma Abordagem Profissional}},
 author = {Pressman, Roger S.},
 edition = {8},
 publisher = {McGraw-Hill},
 year = {2011},
 isbn = {9788580555349} 
}

@book{pressman:2005,
  author    = {Roger S. Pressman}, 
  title     = {Software Engineering: A Practitioner's Approach (Mcgraw-Hill Series in Computer Science)},
  publisher = {McGraw-Hill Science/Engineering/Math},
  year      = 2005,
  edition   = 6,
  month     = 3,
  isbn      = {978-0072853186}
}

@article{gibbs:1994,
  author = {Gibbs, Wayt},
  year = {1994},
  month = {09},
  pages = {86-95},
  title = {Software's Chronic Crisis},
  volume = {271},
  journal = {Scientific American - SCI AMER},
  doi = {10.1038/scientificamerican0994-86}
}

@misc{falbo:2014,
    author = {FALBO, Ricardo de A.},
    title = {{Engenharia de Software}},
    institution = {Universidade Federal do Esp\'{\i}rito Santo},
    url = {http://www.inf.ufes.br/~jssalamon/wp-content/uploads/disciplinas/engsoft/Notas_Aula_Engenharia_Software_Falbo_2014.pdf},
    year = {2014}
}

@book{falbo:2017,
    author = {FALBO, Ricardo de A.},
    pages = {178},
    title = {{Engenharia de Requisitos}},
    institution = {Universidade Federal do Esp\'{\i}rito Santo},
    url = {http://www.inf.ufes.br/~vitorsouza/falbo/Notas_Aula_Engenharia_Requisitos_Falbo_2017.pdf},
    year = {2017}
}

@book{beder:2017,
    author = {Beder, Delano Medeiros},
    pages = {215},
    title = {{Engenharia Web: uma abordagem sistemática para o desenvolvimento de aplicações web}},
    institution = {Universidade Federal de São Carlos},
    url = {http://hdl.handle.net/123456789/2782},
    year = {2017}
}

@misc{falbo:2018,
    title={Projeto de Sistema de Sofware},
    author={Ricardo de Almeida Falbo},
    year={2018},
    note={Notas de Aula},
    url = {http://www.inf.ufes.br/~jssalamon/wp-content/uploads/disciplinas/projsistsoft/Notas_Aula_Projeto_Sistemas_2018.pdf},
}

@inproceedings{murugesan:2001,
author = {Murugesan, San and Deshpande, Yogesh and Hansen, Steve and Ginige, Athula},
year = {2001},
month = {01},
pages = {3-13},
title = {Web Engineering: A New Discipline for Development of Web-Based Systems.},
isbn = {978-3-540-42130-6},
journal = {LNCS},
doi = {10.1007/3-540-45144-7_2}
}

@journal{desphande:2002,
  author  = {Yogesh Deshpande and San Murugesan and Steve Hansen and Athula Ginige}, 
  title   = {Web Engineering: A New Discipline for Development
of Web-based Systems},
  journal = {Journal of Web Engineering},
  year    = 2002,
  number  = 1,
}

@Inbook{olsina:2001,
  author="Olsina, Luis
  and Lafuente, Guillermo
  and Rossi, Gustavo",
  editor="Murugesan, San
  and Deshpande, Yogesh",
  title="Specifying Quality Characteristics and Attributes for Websites",
  bookTitle="Web Engineering: Managing Diversity and Complexity of Web Application Development",
  year="2001",
  publisher="Springer Berlin Heidelberg",
  address="Berlin, Heidelberg",
  pages="266--278",
  abstract="In this work, we outline more than a hundred characteristics and attributes for the domain of academic sites in order to analyze the quality requirement tree and a way to specify them. These elements are used in a quantitative methodology for assessment, comparison, and ranking processes. The proposed Web-site Quality Evaluation Methodology (QEM) can be a useful approach to assess the quality in different phases of a Web product life cycle. In the academic study, we have observed three different evaluation audiences regarding visitor users: current and prospective students, academic personnel, and research sponsors. Besides, the aim of this work is to show a hierarchical and descriptive specification framework for characteristics, subcharacteristics and attributes. This framework is a key underlying piece in the construction of a hyperdocumented evaluation tool. Finally, some results are presented and concluding remarks are discussed.",
  isbn="978-3-540-45144-0",
  doi="10.1007/3-540-45144-7_26",
  url="https://doi.org/10.1007/3-540-45144-7_26"
}



% TODO: deletar
% Source: https://www.nature.com/articles/43601
@article{albert1999internet,
  title={Internet: Diameter of the world-wide web},
  author={Albert, R{\'e}ka and Jeong, Hawoong and Barab{\'a}si, Albert-L{\'a}szl{\'o}},
  journal={nature},
  volume={401},
  number={6749},
  pages={130},
  year={1999},
  publisher={Nature Publishing Group}
}

% Source: https://www.nature.com/articles/160486a0
@article{lattes1947observations,
  title={Observations on the tracks of slow mesons in photographic emulsions},
  author={Lattes, Cesare Mansueto Giulio and Occhialini, Giuseppe PS and Powell, Cecil Frank},
  journal={Nature},
  volume={160},
  number={4067},
  pages={486},
  year={1947},
  publisher={Nature Publishing Group}
}

% Source: https://link.springer.com/content/pdf/10.1007/BF01386390.pdf
@article{dijkstra1959note,
  title={A note on two problems in connexion with graphs},
  author={Dijkstra, Edsger W},
  journal={Numerische mathematik},
  volume={1},
  number={1},
  pages={269--271},
  year={1959},
  publisher={Springer}
}

% Source: http://link.springer.com/10.1007/s00450-012-0232-2
@article{souza-et-al:csrd13,
 title = {{Requirements-driven software evolution}},
 author = {Souza, V\'{\i}tor E. Silva and Lapouchnian, Alexei and Angelopoulos, Konstantinos and Mylopoulos, John},
 journal = {Computer Science - Research and Development},
 number = {4},
 pages = {311--329},
 publisher = {Springer},
 volume = {28},
 year = {2013}
}

% Source: http://dx.doi.org/10.1002/spe.2245
@article{souza-mylopoulos:spe13,
 title = {{Designing an adaptive computer-aided ambulance dispatch system with Zanshin: an experience report}},
 author = {Souza, V\'{\i}tor E. Silva and Mylopoulos, John},
 editor = {Wellings, Andy},
 journal = {Software: Practice and Experience (online first: http://dx.doi.org/10.1002/spe.2245)},
 publisher = {Wiley},
 year = {2013}
}

