%%
%% Arquivo de referências bibliográficas.
%%

% Source: https://nemo.inf.ufes.br/wp-content/papercite-data/pdf/souza-masterthesis07.pdf
@mastersthesis{souza:2007,
  title = {{FrameWeb: um M\'{e}todo baseado em Frameworks para o Projeto de Sistemas de Informa\c{c}\~{a}o Web}},
  author = {Souza, V\'{\i}tor E. S.},
  institution = {Universidade Federal do Esp\'{\i}rito Santo},
  url = {http://portais.ufes.br/PRPPG/ext/mono.php?progpess=2032&curso=9&prog=30001013007P0},
  year = {2007}
}

% Source: https://nemo.inf.ufes.br/wp-content/papercite-data/pdf/souza-celebratingfalbo20.pdf
@incollection{souza:2020,
  title = {{The FrameWeb Approach to Web Engineering: Past, Present and Future}},
  author = {Souza, V{\'{i}}tor E. S.},
  booktitle = {{Engineering Ontologies and Ontologies for Engineering}},
  chapter = {8},
  edition = {1},
  editor = {Almeida, Jo{\~{a}}o Paulo A. and Guizzardi, Giancarlo},
  isbn = {9781393963035},
  pages = {100--124},
  publisher = {NEMO},
  url = {http://purl.org/nemo/celebratingfalbo},
  address = {Vit{\'{o}}ria, ES, Brazil},
  year = {2020}
}

@techreport{campos:2017,
    title = {FrameWeb Editor: Uma Ferramenta CASE para suporte ao Método FrameWeb},
    author = {Silas Louzada Campos},
    address = {Vitória, ES, Brasil},
    institution = {Projeto de Graduação, Departamento de Informática, Universidade Federal do Espírito Santo},
    year = {2017}
}

@techreport{silva:2023,
    title = {Desenvolvimento de plugin para o Visual Paradigm com suporte ao método FrameWeb},
    author = {Igor Sunderhus Silva},
    note = {Vitória, ES, Brasil},
    institution = {Projeto de Graduação, Departamento de Informática, Universidade Federal do Espírito Santo},
    year = {2023}
}

% SCAP implementations

@techreport{duarte:2014,
    title = {Aplicação do Método FrameWeb no Desenvolvimento de um Sistema de Informação na Plataforma Java EE 7},
    author = {Bruno Borlini Duarte},
    note = {Vitória, ES, Brasil},
    institution = {Projeto de Graduação, Departamento de Informática, Universidade Federal do Espírito Santo},
    year = {2014}
}

@techreport{prado:2015,
    title = {Aplicação do método FrameWeb no desenvolvimento de um sistema de informação utilizando o framework VRaptor 4},
    author = {Prado, R. C. do},
    note = {Vitória, ES, Brasil},
    institution = {Projeto de Graduação, Departamento de Informática, Universidade Federal do Espírito Santo},
    year = {2015}
}

@techreport{gomes:2022,
    title = {Aplicação do método FrameWeb no desenvolvimento do sistema SCAP utilizando o framework Angular},
    author = {Danilo Felicio Gomes},
    note = {Vitória, ES, Brasil},
    institution = {Projeto de Graduação, Departamento de Informática, Universidade Federal do Espírito Santo},
    year = {2022}
}


@techreport{dalapicola:2021,
    title = {Aplicação do método FrameWeb nodesenvolvimento do sistema SCAP utilizando os frameworks Quasar e AdonisJS},
    author = {Dalapicola, E. G},
    note = {Vitória, ES, Brasil},
    institution = {Projeto de Graduação, Departamento de Informática, Universidade Federal do Espírito Santo},
    year = {2021}
}

@techreport{berger:2021,
  author      = {Vinícius Berger},
  institution = {Projeto de Graduação, Departamento de Informática, Universidade Federal do Espírito Santo},
  title       = {Aplicação do método FrameWeb no desenvolvimento de um sistema de informação utilizando os frameworks Yii e Symfony},
  note        = {Vitória, ES, Brasil},
  year        = {2021}
}
@techreport{guterres:2019,
    title = {Aplicação do método FrameWeb no desenvolvimento de um sistema de informação usando o framework Play},
    author = {Cleisson Santos Guterres},
    note = {Vitória, ES, Brasil},
    institution = {Projeto de Graduação, Departamento de Informática, Universidade Federal do Espírito Santo},
    year = {2019}
}
@techreport{meirelles:2019,
    title = {Aplicação do método FrameWeb no desenvolvimento de um sistema de informação utilizando os frameworks Codeigniter e NodeJS},
    author = {Luiz Meirelles},
    note = {Vitória, ES, Brasil},
    institution = {Projeto de Graduação, Departamento de Informática, Universidade Federal do Espírito Santo},
    year = {2019}  
}
@techreport{ferreira:2018,
    title = {Aplicação do método FrameWeb no desenvolvimento do sistema SCAP utilizando os frameworks Wicket e Tapestry},
    author = {M. T. Ferreira},
    note = {Vitória, ES, Brasil},
    institution = {Projeto de Graduação, Departamento de Informática, Universidade Federal do Espírito Santo},
    year = {2018}
}
@techreport{avelar:2018,
    title = {Aplicação do método FrameWeb no desenvolvimento de um sistema de informação utilizando o framework Ninja},
    author = {R. A. dos Avelar},
    note = {Vitória, ES, Brasil},
    institution = {Projeto de Graduação, Departamento de Informática, Universidade Federal do Espírito Santo},
    year = {2018}
}

@techreport{matos:2017,
    title = {Aplicação do método FrameWeb no desenvolvimento de um sistema de informação usando os frameworks Spring MVC e Vaadin},
    author = {R. P. de Matos},
    note = {Vitória, ES, Brasil},
    institution = {Projeto de Graduação, Departamento de Informática, Universidade Federal do Espírito Santo},
    year = {2017}
}

@techreport{pinheiro:2017,
	title = {{Aplica{\c{c}}{\~{a}}o do m{\'{e}}todo FrameWeb no desenvolvimento de um sistema de informa{\c{c}}{\~{a}}o utilizando um framework PHP e um framework JavaScript}},
	author = {Pinheiro, Fernando Guimar{\~{a}}es},
	institution = {Projeto de Gradua{\c{c}}{\~{a}}o, Colegiado do Curso de Ci{\^{e}}ncia da Computa{\c{c}}{\~{a}}o, Universidade Federal do Esp{\'{i}}rito Santo},
	address = {Vit{\'{o}}ria, ES, Brasil},
	year = {2017}
}

% Sources 
@book{sommerville:2011,
  author         = {Sommerville, Ian},
  publisher      = {Pearson Education do Brasil},
  edition        = {9},
  title          = {Engenharia de Software},
  year           = {2011},
  isbn           = {9788579361081},
}


@book{pressman:2011,
 title = {{Engenharia de Software - Uma Abordagem Profissional}},
 author = {Pressman, Roger S.},
 edition = {8},
 publisher = {McGraw-Hill},
 year = {2011},
 isbn = {9788580555349} 
}

@book{pressman:2005,
  author    = {Roger S. Pressman}, 
  title     = {Software Engineering: A Practitioner's Approach (Mcgraw-Hill Series in Computer Science)},
  publisher = {McGraw-Hill Science/Engineering/Math},
  year      = 2005,
  edition   = 6,
  month     = 3,
  isbn      = {978-0072853186}
}

@article{gibbs:1994,
  author = {Gibbs, Wayt},
  year = {1994},
  month = {09},
  pages = {86-95},
  title = {Software's Chronic Crisis},
  volume = {271},
  journal = {Scientific American - SCI AMER},
  doi = {10.1038/scientificamerican0994-86}
}

@misc{falbo:2014,
    author = {FALBO, Ricardo de A.},
    title = {{Engenharia de Software}},
    institution = {Universidade Federal do Esp\'{\i}rito Santo},
    url = {http://www.inf.ufes.br/~jssalamon/wp-content/uploads/disciplinas/engsoft/Notas_Aula_Engenharia_Software_Falbo_2014.pdf},
    year = {2014}
}

@book{falbo:2017,
    author = {FALBO, Ricardo de A.},
    pages = {178},
    title = {{Engenharia de Requisitos}},
    institution = {Universidade Federal do Esp\'{\i}rito Santo},
    url = {http://www.inf.ufes.br/~vitorsouza/falbo/Notas_Aula_Engenharia_Requisitos_Falbo_2017.pdf},
    year = {2017}
}

@book{beder:2017,
    author = {Beder, Delano Medeiros},
    pages = {215},
    title = {{Engenharia Web: uma abordagem sistemática para o desenvolvimento de aplicações web}},
    institution = {Universidade Federal de São Carlos},
    url = {http://hdl.handle.net/123456789/2782},
    year = {2017}
}

@misc{falbo:2018,
    title={Projeto de Sistema de Sofware},
    author={Ricardo de Almeida Falbo},
    year={2018},
    note={Notas de Aula},
    url = {http://www.inf.ufes.br/~jssalamon/wp-content/uploads/disciplinas/projsistsoft/Notas_Aula_Projeto_Sistemas_2018.pdf},
}

@inproceedings{murugesan:2001,
author = {Murugesan, San and Deshpande, Yogesh and Hansen, Steve and Ginige, Athula},
year = {2001},
month = {01},
pages = {3-13},
title = {Web Engineering: A New Discipline for Development of Web-Based Systems.},
isbn = {978-3-540-42130-6},
journal = {LNCS},
doi = {10.1007/3-540-45144-7_2}
}

@journal{desphande:2002,
  author  = {Yogesh Deshpande and San Murugesan and Steve Hansen and Athula Ginige}, 
  title   = {Web Engineering: A New Discipline for Development
of Web-based Systems},
  journal = {Journal of Web Engineering},
  year    = 2002,
  number  = 1,
}

@Inbook{olsina:2001,
  author="Olsina, Luis
  and Lafuente, Guillermo
  and Rossi, Gustavo",
  editor="Murugesan, San
  and Deshpande, Yogesh",
  title="Specifying Quality Characteristics and Attributes for Websites",
  bookTitle="Web Engineering: Managing Diversity and Complexity of Web Application Development",
  year="2001",
  publisher="Springer Berlin Heidelberg",
  address="Berlin, Heidelberg",
  pages="266--278",
  abstract="In this work, we outline more than a hundred characteristics and attributes for the domain of academic sites in order to analyze the quality requirement tree and a way to specify them. These elements are used in a quantitative methodology for assessment, comparison, and ranking processes. The proposed Web-site Quality Evaluation Methodology (QEM) can be a useful approach to assess the quality in different phases of a Web product life cycle. In the academic study, we have observed three different evaluation audiences regarding visitor users: current and prospective students, academic personnel, and research sponsors. Besides, the aim of this work is to show a hierarchical and descriptive specification framework for characteristics, subcharacteristics and attributes. This framework is a key underlying piece in the construction of a hyperdocumented evaluation tool. Finally, some results are presented and concluding remarks are discussed.",
  isbn="978-3-540-45144-0",
  doi="10.1007/3-540-45144-7_26",
  url="https://doi.org/10.1007/3-540-45144-7_26"
}

@article{schmidt:2004,
  author = {Schmidt, Douglas C and Gokhale, Aniruddha and Natarajan, Balachandran},
  title = {Leveraging Application Frameworks: Why Frameworks Are Important and How to Apply Them Effectively},
  year = {2004},
  issue_date = {July/August 2004},
  publisher = {Association for Computing Machinery},
  address = {New York, NY, USA},
  volume = {2},
  number = {5},
  issn = {1542-7730},
  url = {https://doi.org/10.1145/1016998.1017005},
  doi = {10.1145/1016998.1017005},
  abstract = {In today’s competitive, fast-paced computing industry, successful software must increasingly be: (1) extensible to support successions of quick updates and additions to address new requirements and take advantage of emerging markets; (2) flexible to support a growing range of multimedia data types, traffic flows, and end-to-end QoS (quality of service) requirements; (3) portable to reduce the effort required to support applications on heterogeneous operating-system platforms and compilers; (4) reliable to ensure that applications are robust and tolerant to faults; (5) scalable to enable applications to handle larger numbers of clients simultaneously; and (6) affordable to ensure that the total ownership costs of software acquisition and evolution are not prohibitively high.},
  journal = {Queue},
  month = {jul},
  pages = {66–75},
  numpages = {10}
}

@book{gamma:2000,
  author    = {Gamma, Erich and Helm, Richard and Johnson, Ralph and Vlissides, John}, 
  title     = {{Padrões de Projeto: soluções reutilizáveis de software orientado a objetos}},
  publisher = {Bookman},
  year      = 2000,
  volume    = 1,
  edition   = 1,
  note      = {Tradução Luiz A. Meirelles Salgado},
  address   = {Porto Alegre},
  isbn      = {978-85-7780-046-9}
}

@book{konshin:2018,
  title={Next.js Quick Start Guide: Server-side rendering done right},
  author={Konshin, K.},
  isbn={9781788995849},
  url={https://books.google.com.br/books?id=-rBmDwAAQBAJ},
  year={2018},
  publisher={Packt Publishing}
}

@book{emmitt:2015,
  author         = {Emmit Scott},
  editor         = {},
  publisher      = {Manning Publications Co.},
  title          = {Design and Architecture: Understanding Single Page Web Applications},
  edition        = {1},
  year           = {2015},
  url            = {https://livebook.manning.com/book/spa-design-and-architecture/chapter-1},
}

@misc{vercel:2023,
  author       = {Vercel},
  howpublished = {\url{https://nextjs.org/learn/foundations/how-nextjs-works/rendering}},
  title        = {How Next.js Works},
  year         = {2023},
  note         = {Acessado em 25/09/2023}
}

@misc{nextjs:2023,
  author       = {Vercel},
  howpublished = {\url{https://nextjs.org/learn/basics/deploying-nextjs-app}},
  title        = {Deploying},
  year         = {2023},
  note         = {Acessado em 10/10/2023}
}

@misc{prisma:2020,
  author       = {Prisma},
  howpublished = {\url{https://www.prisma.io/dataguide/types/relational/what-are-database-migrations\#what-are-database-migrations}},
  title        = {What are database migrations?},
  year         = {2020},
  note         = {Acessado em 29/05/2024}
}

@misc{typescript:2024,
  author       = {TypeScript},
  howpublished = {\url{https://www.typescriptlang.org/docs/handbook/intro.html}},
  title        = {The TypeScript Handbook},
  year         = {2024},
  note         = {Acessado em 25/02/2024}
}

@misc{hibernate:2010,
  author       = {Hibernate},
  howpublished = {\url{https://hibernate.org/orm/what-is-an-orm/}},
  title        = {What is Object/Relational Mapping?},
  year         = {2010},
  note         = {Acessado em 25/02/2024}
}

@book{bauer:2005,
  title={Hibernate in Action},
  author={Bauer, C. and King, G.},
  isbn={9781932394153},
  lccn={2004276295},
  series={In Action Series},
  url={https://books.google.com/books?id=WCmSQgAACAAJ},
  year={2005},
  publisher={Manning}
}


@book{fowler:2002,
    author = {Fowler, Martin},
    pages = {560},
    title = {{Patterns of Enterprise Application Architecture}},
    publisher = {Addison-Wesley Professional},
    year = {2002},
    ISBN = {0-321-12742-0}
}

@book{alur:2003,
  title={Core J2EE patterns: best practices and design strategies},
  author={Alur, Deepak and Crupi, John and Malks, Dan},
  year={2003},
  publisher={Prentice Hall Professional}
}

@INPROCEEDINGS{colley:2018,
  author={Colley, Derek and Stanier, Clare and Asaduzzaman, Md},
  booktitle={2018 International Conference on Computing, Electronics & Communications Engineering (iCCECE)}, 
  title={The Impact of Object-Relational Mapping Frameworks on Relational Query Performance}, 
  year={2018},
  volume={},
  number={},
  pages={47-52},
  keywords={Tools;Impedance;Object oriented modeling;Data models;Structured Query Language;Relational databases;database;object-relational;query performance;object-relational impedance mismatch;ORM;relational;NoSQL},
  doi={10.1109/iCCECOME.2018.8659222}
}




@inproceedings{hoppe:2023,
  author = {Hoppe, Pedro Henrique Brunoro and Souza, V\'{\i}tor Est\^{e}v\~{a}o Silva},
  title = {Support for Single Page Application Frameworks on FrameWeb},
  year = {2023},
  isbn = {9798400709081},
  publisher = {Association for Computing Machinery},
  address = {New York, NY, USA},
  url = {https://doi.org/10.1145/3617023.3617059},
  doi = {10.1145/3617023.3617059},
  abstract = {In the field of Web Engineering, many methods have been proposed to guide developers in designing and coding Web applications. The FrameWeb method is a model-driven approach that targets the development of systems that use certain kinds of frameworks in their architecture, proposing the use of models that incorporate concepts from these frameworks during design. Currently, the FrameWeb method does not consider SPA (Single Page Application) frameworks and, in recent years, they have gained a lot of popularity among developers. In this work, we propose to add support for SPA frameworks to FrameWeb. With our research, we have managed to update the FrameWeb meta-model so that its modeling language now supports SPA frameworks and their constructs. FrameWeb tools (graphical editor and code generator) also evolved to support the new elements. Experiments of modeling existing SPAs with this new version of FrameWeb, generating code from the models and comparing with the original, showed that, in average, around 69\% of the HTML tags could be generated from the models. The support for SPA frameworks in FrameWeb allows developers to design and model their applications using constructs that relate to the frameworks used in practice, facilitating developer communication using the models and generating code to improve developer productivity.},
  booktitle = {Proceedings of the 29th Brazilian Symposium on Multimedia and the Web},
  pages = {260–268},
  numpages = {9},
  keywords = {tools, language, Reuse, WIS Frameworks, FrameWeb, SPA Frameworks, MDD, method, Web Engineering, DSL, Software Engineering},
  location = {Ribeir\~{a}o Preto, Brazil},
  series = {WebMedia '23}
}

@book{silberschatz:2019,
author = {Silberschatz, Abraham and Korth, Henry F. and Sudarshan, S.},
title = {Database Systems Concepts},
year = {2019},
isbn = {9780078022159},
publisher = {McGraw-Hill Higher Education},
edition = {7th},
abstract = {From the Publisher:This acclaimed revision of a classic database systems text offers a complete background in the basics of database design, languages, and system implementation. It provides the latest information combined with real-world examples to help readers master concepts. All concepts are presented in a technically complete yet easy-to-understand style with notations kept to a minimum. A running example of a bank enterprise illustrates concepts at work. To further optimize comprehension, figures and examples, rather than proofs, portray concepts and anticipate results.},
}